%% This BibTeX bibliography file was created using BibDesk.
%% http://bibdesk.sourceforge.net/


%% Created for Michael McCoy at 2013-10-01 06:20:48 -0700 


%% Saved with string encoding Unicode (UTF-8) 



@book{Hig:98,
	Address = {Philadelphia, PA},
	Author = {Higham, Nicholas J.},
	Date-Added = {2013-10-01 06:19:01 -0700},
	Date-Modified = {2013-10-01 06:19:01 -0700},
	Doi = {10.1137/1.9780898719550},
	Edition = {Second},
	Isbn = {0-89871-420-6},
	Mrclass = {00A20},
	Mrnumber = {1640787 (99g:00017)},
	Pages = {xvi+302},
	Publisher = {Society for Industrial and Applied Mathematics (SIAM)},
	Title = {Handbook of writing for the mathematical sciences},
	Url = {http://dx.doi.org/10.1137/1.9780898719550},
	Year = {1998},
	Bdsk-Url-1 = {http://dx.doi.org/10.1137/1.9780898719550}}

@article{Hal:70,
	Author = {Halmos, P. R.},
	Date-Added = {2013-10-01 06:18:55 -0700},
	Date-Modified = {2013-10-01 06:18:55 -0700},
	Fjournal = {L'Enseignement Math\'ematique. Revue Internationale. IIe S\'erie},
	Issn = {0013-8584},
	Journal = {Enseignement Math. (2)},
	Mrclass = {00.00},
	Mrnumber = {0277319 (43 \#3055)},
	Mrreviewer = {G. Piranian},
	Pages = {123--152},
	Title = {How to write mathematics},
	Volume = {16},
	Year = {1970}}

@unpublished{Che:,
	Author = {Cheney, Ward},
	Date-Added = {2013-10-01 06:18:50 -0700},
	Date-Modified = {2013-10-01 06:18:50 -0700},
	Note = {Available online \url{ftp://ftp.ma.utexas.edu/pub/papers/cheney/advice.pdf}},
	Title = {SUGGESTIONS FOR WRITING REPORTS, THESES, AND DISSERTATIONS}}

@misc{mathscinet,
	Date-Added = {2013-10-01 06:18:44 -0700},
	Date-Modified = {2013-10-01 06:18:44 -0700},
	Howpublished = {Online.},
	Key = {MSC},
	Note = {\url{http://www.ams.org/mathscinet/}},
	Publisher = {Americal Mathematical Society},
	Title = {{M}ath{S}ci{N}et Mathematical Reviews},
	Url = {http://www.ams.org/mathscinet/},
	Year = {2013},
	Bdsk-Url-1 = {http://www.ams.org/mathscinet/}}
